<?xml version="1.0" encoding="UTF-8"?><collection xmlns="http://www.loc.gov/MARC21/slim"><record><leader>00363nam--2200145-i-4500</leader><controlfield tag="001">000041805</controlfield><controlfield tag="002">20161230</controlfield><controlfield tag="005">20170125132401</controlfield><controlfield tag="008">060222s1000------------r-----000-0-eng-d</controlfield><datafield ind1=" " ind2=" " tag="100"><subfield code="a">Skudrzyk, E</subfield></datafield><datafield ind1=" " ind2=" " tag="245"><subfield code="a">Die grundlagen der akustik</subfield></datafield><datafield ind1=" " ind2=" " tag="260"><subfield code="a">Wien</subfield><subfield code="b">Springer-Verlag</subfield><subfield code="c">1954</subfield></datafield><datafield ind1=" " ind2=" " tag="300"><subfield code="a">XXII + 1084 p.+450 Fig</subfield></datafield><datafield ind1=" " ind2=" " tag="852"><subfield code="a">10521</subfield></datafield><datafield ind1=" " ind2=" " tag="CAT"><subfield code="a">SYS</subfield><subfield code="c">20170125</subfield><subfield code="h">132401</subfield></datafield></record></collection>